<?xml version="1.0" encoding="UTF-8"?><collection xmlns="http://www.loc.gov/MARC21/slim"><record><leader>00476nam--2200169-i-4500</leader><controlfield tag="001">000009802</controlfield><controlfield tag="002">20161230</controlfield><controlfield tag="005">20161230201028</controlfield><controlfield tag="008">060222s1000------------r-----000-0-eng-d</controlfield><datafield ind1=" " ind2=" " tag="040"><subfield code="a">IFIN-HH</subfield></datafield><datafield ind1=" " ind2=" " tag="080"><subfield code="a">802.0</subfield></datafield><datafield ind1="1" ind2=" " tag="100"><subfield code="a">Barker, Judith</subfield></datafield><datafield ind1="1" ind2="0" tag="245"><subfield code="a">English as a foreign language. elementary stage</subfield><subfield code="b">Drawings by william burnard</subfield><subfield code="c">Judith barker</subfield></datafield><datafield ind1=" " ind2=" " tag="260"><subfield code="a">Cambridge</subfield><subfield code="b">At The University Press</subfield><subfield code="c">1966</subfield></datafield><datafield ind1=" " ind2=" " tag="300"><subfield code="a">185 P</subfield></datafield><datafield ind1=" " ind2=" " tag="852"><subfield code="a">35449</subfield><subfield code="c">4</subfield></datafield><datafield ind1=" " ind2=" " tag="CAT"><subfield code="a">Sys</subfield><subfield code="c">20130201</subfield><subfield code="h">112540</subfield></datafield></record></collection>